@Manual{R-base,
  title = {R: A Language and Environment for Statistical Computing},
  author = {{R Core Team}},
  organization = {R Foundation for Statistical Computing},
  address = {Vienna, Austria},
  year = {2022},
  url = {https://www.R-project.org/},
}

@Manual{R-ggplot2,
  title = {ggplot2: Create Elegant Data Visualisations Using the Grammar of Graphics},
  author = {Hadley Wickham and Winston Chang and Lionel Henry and Thomas Lin Pedersen and Kohske Takahashi and Claus Wilke and Kara Woo and Hiroaki Yutani and Dewey Dunnington},
  year = {2023},
  note = {R package version 3.4.1},
  url = {https://CRAN.R-project.org/package=ggplot2},
}

@Manual{R-maps,
  title = {maps: Draw Geographical Maps},
  author = {Ray Brownrigg},
  year = {2022},
  note = {R package version 3.4.1},
  url = {https://CRAN.R-project.org/package=maps},
}